@article{o2016scalable,
  title={Scalable quantum simulation of molecular energies},
  author={Oâ€™Malley, Peter JJ and Babbush, Ryan and Kivlichan, Ian D and Romero, Jonathan and McClean, Jarrod R and Barends, Rami and Kelly, Julian and Roushan, Pedram and Tranter, Andrew and Ding, Nan and others},
  journal={Physical Review X},
  volume={6},
  number={3},
  pages={031007},
  year={2016},
  publisher={APS}
}

@article{whitfield2011simulation,
  title={Simulation of electronic structure Hamiltonians using quantum computers},
  author={Whitfield, James D and Biamonte, Jacob and Aspuru-Guzik, Al{\'a}n},
  journal={Molecular Physics},
  volume={109},
  number={5},
  pages={735--750},
  year={2011},
  publisher={Taylor \& Francis}
}

