@article{farhi2014quantum,
  title={A quantum approximate optimization algorithm},
  author={Farhi, Edward and Goldstone, Jeffrey and Gutmann, Sam},
  journal={arXiv preprint arXiv:1411.4028},
  year={2014}
}

@article{cerezo2021variational,
  title={Variational quantum algorithms},
  author={Cerezo, Marco and Arrasmith, Andrew and Babbush, Ryan and Benjamin, Simon C and Endo, Suguru and Fujii, Keisuke and McClean, Jarrod R and Mitarai, Kosuke and Yuan, Xiao and Cincio, Lukasz and others},
  journal={Nature Reviews Physics},
  volume={3},
  number={9},
  pages={625--644},
  year={2021},
  publisher={Nature Publishing Group}
}

@article{albash2018adiabatic,
  title={Adiabatic quantum computation},
  author={Albash, Tameem and Lidar, Daniel A},
  journal={Reviews of Modern Physics},
  volume={90},
  number={1},
  pages={015002},
  year={2018},
  publisher={APS}
}

@article{sack2021quantum,
  title={Quantum annealing initialization of the quantum approximate optimization algorithm},
  author={Sack, Stefan H and Serbyn, Maksym},
  journal={quantum},
  volume={5},
  pages={491},
  year={2021},
  publisher={Verein zur F{\"o}rderung des Open Access Publizierens in den Quantenwissenschaften}
}

