@article{kim2018time,
  title={Time--space complexity of quantum search algorithms in symmetric cryptanalysis: applying to AES and SHA-2},
  author={Kim, Panjin and Han, Daewan and Jeong, Kyung Chul},
  journal={Quantum Information Processing},
  volume={17},
  number={12},
  pages={1--39},
  year={2018},
  publisher={Springer}
}


